@article{covid2020forecasting,
  title={{Forecasting COVID-19 impact on hospital bed-days, ICU-days, ventilator-days and deaths by US state in the next 4 months}},
  author={{IHME COVID-19 health servies utilization forecasting team} and Murray, Christopher JL},
  journal={medRxiv},
  year={2020},
  publisher={Cold Spring Harbor Laboratory Press}
}

@book{anderson1991infectious,
  title={Infectious diseases of humans: dynamics and control},
  author={Anderson, Roy M and May, Robert M},
  year={1991},
  publisher={Oxford university press}
}

@article{ferguson2020report,
  title={{Impact of non-pharmaceutical interventions (NPIs) to reduce COVID19 mortality and healthcare demand}},
  author={Ferguson, Neil M and Laydon, Daniel and Nedjati-Gilani, Gemma and Imai, Natsuko and Ainslie, Kylie and Baguelin, Marc and Bhatia, Sangeeta and Boonyasiri, Adhiratha and Cucunuba, Zulma and Cuomo-Dannenburg, Gina and  Dighe, Amy and Dorigatti, Ilaria, and Fu, Han and Gaythorpe, Katy and Grenn, Will and Hamlet, Arran and Hinsley, Wes and Okell, Lucy C and van Elsland, Sabine and Thompson, Hayley and Verity, Robert and Volz, Erik and Wang, Haowei and Wang, Yuanrong and Walker, Patrick GT and Walters, Caroline and Winskill, Peter and Whittaker, Charles and Donnelly, Christl A and Riley, Steven and Ghani, Azra C},
  year={2020},
  note={\url{https://www.imperial.ac.uk/mrc-global-infectious-disease-analysis/covid-19/report-9-impact-of-npis-on-covid-19/}. Accessed Aprial 30, 2020.}
}
